@inproceedings{refe1,
  title={Bass Track Selection in MIDI Files and Multimodal Implications to Melody.},
  author={Vicente, Octavio and Quereda, Jos{\'e} Manuel I{\~n}esta},
  booktitle={ICPRAM (1)},
  pages={449--458},
  year={2012}
}
@phdthesis{de2011statistical,
  title={A statistical pattern recognition approach to symbolic music classification},
  author={de Le{\'o}n, PJ Ponce},
  year={2011},
  school={PhD thesis, Alicante, Spain}
}
@incollection{martin2009melodic,
  title={Melodic track identification in midi files considering the imbalanced context},
  author={Mart{\'\i}n, Ra{\'u}l and Mollineda, Ram{\'o}n A and Garc{\'\i}a, Vicente},
  booktitle={Pattern Recognition and Image Analysis},
  pages={489--496},
  year={2009},
  publisher={Springer}
}